<?xml version="1.0" encoding="UTF-8"?>
<Document xmlns="urn:iso:std:iso:20022:tech:xsd:pain.001.001.09" xmlns:xsi="http://www.w3.org/2001/XMLSchema-instance" xsi:schemaLocation="urn:iso:std:iso:20022:tech:xsd:pain.001.001.09 file:///C:/pain.001.001.09.ch.03.xsd">
	<CstmrCdtTrfInitn>
		<GrpHdr>
			<MsgId>MSG-02-111-222</MsgId>
			<CreDtTm>2023-02-15T07:30:00</CreDtTm>
			<NbOfTxs>5</NbOfTxs>
			<CtrlSum>17.00</CtrlSum>
			<InitgPty>
				<Nm>MUSTER AG</Nm>
				<CtctDtls>
					<Othr>
						<ChanlTp>NAME</ChanlTp>
						<Id>pay.4me</Id>
					</Othr>
					<Othr>
						<ChanlTp>VRSN</ChanlTp>
						<Id>2.8.1</Id>
					</Othr>
					<Othr>
						<ChanlTp>PRVD</ChanlTp>
						<Id>SuperPay AG</Id>
					</Othr>
					<Othr>
						<ChanlTp>SPSV</ChanlTp>
						<Id>2.0</Id>
					</Othr>
				</CtctDtls>
			</InitgPty>
		</GrpHdr>
		<PmtInf>
			<PmtInfId>PMTINF-01-QRR</PmtInfId>
			<PmtMtd>TRF</PmtMtd>
			<BtchBookg>true</BtchBookg>
			<ReqdExctnDt>
				<Dt>2023-02-22</Dt>
			</ReqdExctnDt>
			<Dbtr>
				<Nm>MUSTER AG</Nm>
				<PstlAdr>
					<TwnNm>Bern</TwnNm>
					<Ctry>CH</Ctry>
				</PstlAdr>
			</Dbtr>
			<DbtrAcct>
				<Id>
					<IBAN>CH0309000000250090342</IBAN>
				</Id>
			</DbtrAcct>
			<DbtrAgt>
				<FinInstnId>
					<BICFI>POFICHBEXXX</BICFI>
				</FinInstnId>
			</DbtrAgt>
			<CdtTrfTxInf>
				<PmtId>
					<InstrId>INSTRID-01-01-QRR</InstrId>
					<EndToEndId>ENDTOENDID--01-001-QRR</EndToEndId>
				</PmtId>
				<Amt>
					<InstdAmt Ccy="CHF">3.10</InstdAmt>
				</Amt>
				<Cdtr>
					<Nm>Robert Schneider AG</Nm>
					<PstlAdr>
						<StrtNm>Rue du Lac</StrtNm>
						<BldgNb>12</BldgNb>
						<PstCd>2501</PstCd>
						<TwnNm>Biel/Bienne</TwnNm>
						<Ctry>CH</Ctry>
					</PstlAdr>
				</Cdtr>
				<CdtrAcct>
					<Id>
						<IBAN>CH4431999123000889012</IBAN>
					</Id>
				</CdtrAcct>
				<RmtInf>
					<Strd>
						<CdtrRefInf>
							<Tp>
								<CdOrPrtry>
									<Prtry>QRR</Prtry>
								</CdOrPrtry>
							</Tp>
							<Ref>210000000003139471430009017</Ref>
						</CdtrRefInf>
						<AddtlRmtInf>Auftrag vom 10.02.2023</AddtlRmtInf>
					</Strd>
				</RmtInf>
			</CdtTrfTxInf>
		</PmtInf>
		<PmtInf>
			<PmtInfId>PMTINF-02-SCOR</PmtInfId>
			<PmtMtd>TRF</PmtMtd>
			<BtchBookg>true</BtchBookg>
			<ReqdExctnDt>
				<Dt>2023-02-18</Dt>
			</ReqdExctnDt>
			<Dbtr>
				<Nm>MUSTER AG</Nm>
				<PstlAdr>
					<TwnNm>Bern</TwnNm>
					<Ctry>CH</Ctry>
				</PstlAdr>
			</Dbtr>
			<DbtrAcct>
				<Id>
					<IBAN>CH0309000000250090342</IBAN>
				</Id>
			</DbtrAcct>
			<DbtrAgt>
				<FinInstnId>
					<BICFI>POFICHBEXXX</BICFI>
				</FinInstnId>
			</DbtrAgt>
			<CdtTrfTxInf>
				<PmtId>
					<InstrId>INSTRID-02-01-SCOR</InstrId>
					<EndToEndId>ENDTOENDID-0200-SCOR</EndToEndId>
				</PmtId>
				<Amt>
					<InstdAmt Ccy="EUR">1.90</InstdAmt>
				</Amt>
				<Cdtr>
					<Nm>Robert Schneider SA</Nm>
					<PstlAdr>
						<StrtNm>Rue</StrtNm>
						<BldgNb>4</BldgNb>
						<PstCd>2500</PstCd>
						<TwnNm>Biel/Bienne</TwnNm>
						<Ctry>CH</Ctry>
					</PstlAdr>
				</Cdtr>
				<CdtrAcct>
					<Id>
						<IBAN>CH4821966000009613388</IBAN>
					</Id>
				</CdtrAcct>
				<RmtInf>
					<Strd>
						<CdtrRefInf>
							<Tp>
								<CdOrPrtry>
									<Cd>SCOR</Cd>
								</CdOrPrtry>
							</Tp>
							<Ref>RF18539007547034</Ref>
						</CdtrRefInf>
					</Strd>
				</RmtInf>
			</CdtTrfTxInf>
		</PmtInf>
		<PmtInf>
			<PmtInfId>PMTINF-003</PmtInfId>
			<PmtMtd>TRF</PmtMtd>
			<BtchBookg>false</BtchBookg>
			<ReqdExctnDt>
				<Dt>2023-02-18</Dt>
			</ReqdExctnDt>
			<Dbtr>
				<Nm>MUSTER AG</Nm>
				<PstlAdr>
					<TwnNm>Bern</TwnNm>
					<Ctry>CH</Ctry>
				</PstlAdr>
			</Dbtr>
			<DbtrAcct>
				<Id>
					<IBAN>CH0309000000250090342</IBAN>
				</Id>
				<Tp>
					<Prtry>CWD</Prtry>
				</Tp>
			</DbtrAcct>
			<DbtrAgt>
				<FinInstnId>
					<BICFI>POFICHBEXXX</BICFI>
				</FinInstnId>
			</DbtrAgt>
			<CdtTrfTxInf>
				<PmtId>
					<InstrId>INSTRID-03-01</InstrId>
					<EndToEndId>ENDTOENDID-003-001</EndToEndId>
				</PmtId>
				<Amt>
					<EqvtAmt>
						<Amt Ccy="CHF">1</Amt>
						<CcyOfTrf>EUR</CcyOfTrf>
					</EqvtAmt>
				</Amt>
				<ChrgBr>SHAR</ChrgBr>
				<CdtrAgt>
					<FinInstnId>
						<BICFI>AAABBBCCXXX</BICFI>
					</FinInstnId>
				</CdtrAgt>
				<Cdtr>
					<Nm>Maria Bernasconi</Nm>
					<PstlAdr>
						<StrtNm>Via</StrtNm>
						<BldgNb>10</BldgNb>
						<PstCd>50123</PstCd>
						<TwnNm>Florenz</TwnNm>
						<Ctry>IT</Ctry>
					</PstlAdr>
				</Cdtr>
				<CdtrAcct>
					<Id>
						<IBAN>IT1122334455667788991122334</IBAN>
					</Id>
				</CdtrAcct>
				<RmtInf>
					<Ustrd>Mitteilung</Ustrd>
				</RmtInf>
			</CdtTrfTxInf>
		</PmtInf>
		<PmtInf>
			<PmtInfId>PMTINF-0004-</PmtInfId>
			<PmtMtd>TRF</PmtMtd>
			<BtchBookg>true</BtchBookg>
			<PmtTpInf>
				<CtgyPurp>
					<Cd>SALA</Cd>
				</CtgyPurp>
			</PmtTpInf>
			<ReqdExctnDt>
				<Dt>2023-02-18</Dt>
			</ReqdExctnDt>
			<Dbtr>
				<Nm>MUSTER AG</Nm>
				<PstlAdr>
					<TwnNm>Bern</TwnNm>
					<Ctry>CH</Ctry>
				</PstlAdr>
			</Dbtr>
			<DbtrAcct>
				<Id>
					<IBAN>CH0309000000250090342</IBAN>
				</Id>
			</DbtrAcct>
			<DbtrAgt>
				<FinInstnId>
					<BICFI>POFICHBEXXX</BICFI>
				</FinInstnId>
			</DbtrAgt>
			<CdtTrfTxInf>
				<PmtId>
					<InstrId>INSTRID-02-00404</InstrId>
					<EndToEndId>ENDTOENDID-10041</EndToEndId>
				</PmtId>
				<Amt>
					<InstdAmt Ccy="CHF">5.00</InstdAmt>
				</Amt>
				<Cdtr>
					<Nm>Maria Bernasconi</Nm>
					<PstlAdr>
						<StrtNm>Weg</StrtNm>
						<BldgNb>4</BldgNb>
						<PstCd>2500</PstCd>
						<TwnNm>Biel/Beinne</TwnNm>
						<Ctry>CH</Ctry>
					</PstlAdr>
				</Cdtr>
				<CdtrAcct>
					<Id>
						<IBAN>CH4821966000009613388</IBAN>
					</Id>
				</CdtrAcct>
				<RmtInf>
					<Ustrd>Mitteilung Lohn 111</Ustrd>
				</RmtInf>
			</CdtTrfTxInf>
		</PmtInf>
		<PmtInf>
			<PmtInfId>PMTINF-0005-</PmtInfId>
			<PmtMtd>TRF</PmtMtd>
			<BtchBookg>true</BtchBookg>
			<ReqdExctnDt>
				<Dt>2023-02-18</Dt>
			</ReqdExctnDt>
			<Dbtr>
				<Nm>MUSTER AG</Nm>
				<PstlAdr>
					<TwnNm>Bern</TwnNm>
					<Ctry>CH</Ctry>
				</PstlAdr>
			</Dbtr>
			<DbtrAcct>
				<Id>
					<IBAN>CH0309000000250090342</IBAN>
				</Id>
			</DbtrAcct>
			<DbtrAgt>
				<FinInstnId>
					<BICFI>POFICHBEXXX</BICFI>
				</FinInstnId>
			</DbtrAgt>
			<CdtTrfTxInf>
				<PmtId>
					<InstrId>INSTRID-02-005005</InstrId>
					<EndToEndId>ENDTOENDID-05505</EndToEndId>
				</PmtId>
				<Amt>
					<InstdAmt Ccy="CHF">6.00</InstdAmt>
				</Amt>
				<UltmtDbtr>
					<Nm>Firma SA</Nm>
					<PstlAdr>
						<StrtNm>Rue</StrtNm>
						<BldgNb>15</BldgNb>
						<PstCd>2500</PstCd>
						<TwnNm>Biel/Bienne</TwnNm>
						<Ctry>CH</Ctry>
					</PstlAdr>
				</UltmtDbtr>
				<Cdtr>
					<Nm>Maria Bernasconi</Nm>
					<PstlAdr>
						<StrtNm>Weg</StrtNm>
						<BldgNb>4</BldgNb>
						<PstCd>2500</PstCd>
						<TwnNm>Biel/Beinne</TwnNm>
						<Ctry>CH</Ctry>
					</PstlAdr>
				</Cdtr>
				<CdtrAcct>
					<Id>
						<IBAN>CH4821966000009613388</IBAN>
					</Id>
				</CdtrAcct>
				<RmtInf>
					<Ustrd>Mitteilung</Ustrd>
				</RmtInf>
			</CdtTrfTxInf>
		</PmtInf>
	</CstmrCdtTrfInitn>
</Document>

