<?xml version="1.0" encoding="UTF-8"?>
<Document
	xmlns="urn:iso:std:iso:20022:tech:xsd:pain.001.001.09"
	xmlns:xsi="http://www.w3.org/2001/XMLSchema-instance"
xsi:schemaLocation="urn:iso:std:iso:20022:tech:xsd:pain.001.001.09
pain.001.001.09.xsd">
	<CstmrCdtTrfInitn>
		<GrpHdr>
			<MsgId>MSGID000001</MsgId>
			<CreDtTm>2023-04-03T10:30:00</CreDtTm>
			<NbOfTxs>2</NbOfTxs>
			<CtrlSum>3000.03</CtrlSum>
			<InitgPty>
				<Nm>Group Finance</Nm>
				<PstlAdr>
					<StrtNm>Aleksanterinkatu</StrtNm>
					<BldgNb>123</BldgNb>
					<PstCd>00100</PstCd>
					<TwnNm>HELSINKI</TwnNm>
					<Ctry>FI</Ctry>
				</PstlAdr>
				<Id>
					<OrgId>
						<!--
Position of LEI in the schema, if in use
<LEI>888888IFQI8W88M8IY88</LEI>
-->
						<Othr>
							<Id>1234567890</Id>
							<SchmeNm>
								<Cd>BANK</Cd>
							</SchmeNm>
						</Othr>
					</OrgId>
				</Id>
			</InitgPty>
		</GrpHdr>
		<!--
*********************************************************
Payment with a message
*********************************************************
-->
		<PmtInf>
			<PmtInfId>20230403-12345678912</PmtInfId>
			<PmtMtd>TRF</PmtMtd>
			<BtchBookg>false</BtchBookg>
			<PmtTpInf>
				<SvcLvl>
					<Cd>SEPA</Cd>
				</SvcLvl>
			</PmtTpInf>
			<ReqdExctnDt>
				<Dt>2023-04-03</Dt>
			</ReqdExctnDt>
			<Dbtr>
				<Nm>Debtor Company Plc</Nm>
				<PstlAdr>
					<StrtNm>Aleksanterinkatu</StrtNm>
					<BldgNb>123</BldgNb>
					<PstCd>00100</PstCd>
					<TwnNm>HELSINKI</TwnNm>
					<Ctry>FI</Ctry>
				</PstlAdr>
				<Id>
					<OrgId>
						<Othr>
							<Id>0987654321</Id>
							<SchmeNm>
								<Cd>BANK</Cd>
							</SchmeNm>
						</Othr>
					</OrgId>
				</Id>
			</Dbtr>
			<DbtrAcct>
				<Id>
					<IBAN>FI8529501800020574</IBAN>
				</Id>
			</DbtrAcct>
			<DbtrAgt>
				<FinInstnId>
					<BICFI>BANKFIHH</BICFI>
				</FinInstnId>
			</DbtrAgt>
			<ChrgBr>SLEV</ChrgBr>
			<CdtTrfTxInf>
				<PmtId>
					<InstrId>InstrId000001</InstrId>
					<EndToEndId>EndToEndId000001</EndToEndId>
				</PmtId>
				<PmtTpInf>
					<InstrPrty>HIGH</InstrPrty>
					<SvcLvl>
						<Prtry>RANDOM35</Prtry>
					</SvcLvl>
					<SvcLvl>
						<Prtry>RANDOM35</Prtry>
					</SvcLvl>
					<LclInstrm>
						<Prtry>RANDOM35</Prtry>
					</LclInstrm>
					<CtgyPurp>
						<Prtry>RANDOM35</Prtry>
					</CtgyPurp>
				</PmtTpInf>
				<Amt>
					<InstdAmt Ccy="EUR">1000.01</InstdAmt>
				</Amt>
				<XchgRateInf>
					<UnitCcy>EUR</UnitCcy>
					<XchgRate>0.1</XchgRate>
					<RateTp>SPOT</RateTp>
					<CtrctId>RANDOM35</CtrctId>
				</XchgRateInf>
				<ChrgBr>SLEV</ChrgBr>
				<ChqInstr>
					<ChqTp>CCHQ</ChqTp>
					<ChqNb>RANDOM35</ChqNb>
					<ChqFr>
						<Nm>RANDOM140</Nm>
						<Adr>
							<AdrTp>
								<Prtry>
									<Id>ABCD</Id>
									<Issr>RANDOM35</Issr>
									<SchmeNm>RANDOM35</SchmeNm>
								</Prtry>
							</AdrTp>
							<Dept>RANODM70</Dept>
							<SubDept>RANODM70</SubDept>
							<StrtNm>RANODM70</StrtNm>
							<BldgNb>RANODM16</BldgNb>
							<BldgNm>RANODM35</BldgNm>
							<Flr>RANODM70</Flr>
							<PstBx>RANODM16</PstBx>
							<Room>RANODM70</Room>
							<PstCd>RANODM16</PstCd>
							<TwnNm>RANODM35</TwnNm>
							<TwnLctnNm>RANODM35</TwnLctnNm>
							<DstrctNm>RANODM35</DstrctNm>
							<CtrySubDvsn>RANODM35</CtrySubDvsn>
							<Ctry>CH</Ctry>
							<AdrLine>RANODM70</AdrLine>
						</Adr>
					</ChqFr>
					<DlvryMtd>
						<Cd>CRCD</Cd>
					</DlvryMtd>
					<DlvrTo>
						<Nm>RANDOM140</Nm>
						<Adr>
							<AdrTp>
								<Prtry>
									<Id>ABCD</Id>
									<Issr>RANDOM35</Issr>
									<SchmeNm>RANDOM35</SchmeNm>
								</Prtry>
							</AdrTp>
							<Dept>RANODM70</Dept>
							<SubDept>RANODM70</SubDept>
							<StrtNm>RANODM70</StrtNm>
							<BldgNb>RANODM16</BldgNb>
							<BldgNm>RANODM35</BldgNm>
							<Flr>RANODM70</Flr>
							<PstBx>RANODM16</PstBx>
							<Room>RANODM70</Room>
							<PstCd>RANODM16</PstCd>
							<TwnNm>RANODM35</TwnNm>
							<TwnLctnNm>RANODM35</TwnLctnNm>
							<DstrctNm>RANODM35</DstrctNm>
							<CtrySubDvsn>RANODM35</CtrySubDvsn>
							<Ctry>CH</Ctry>
							<AdrLine>RANODM70</AdrLine>
						</Adr>
					</DlvrTo>
					<InstrPrty>HIGH</InstrPrty>
					<ChqMtrtyDt>2030-01-15</ChqMtrtyDt>
					<FrmsCd>RANDOM35</FrmsCd>
					<MemoFld>RANDOM35</MemoFld>
					<RgnlClrZone>RANDOM35</RgnlClrZone>
					<PrtLctn>RANDOM35</PrtLctn>
					<Sgntr>RANDOM70</Sgntr>
				</ChqInstr>
				<UltmtDbtr>
					<Nm>Debitor Company</Nm>
					<PstlAdr>
						<StrtNm>Hohenstaufengasse</StrtNm>
						<BldgNb>123</BldgNb>
						<PstCd>1010</PstCd>
						<TwnNm>Wien</TwnNm>
						<Ctry>AT</Ctry>
					</PstlAdr>
				</UltmtDbtr>
				<IntrmyAgt1>
					<FinInstnId>
						<BICFI>DEUTATWW</BICFI>
					</FinInstnId>
				</IntrmyAgt1>
				<IntrmyAgt1Acct>
					<Id>
						<IBAN>AT123456789012345678</IBAN>
					</Id>
				</IntrmyAgt1Acct>
				<CdtrAgt>
					<FinInstnId>
						<BICFI>DEUTATWW</BICFI>
					</FinInstnId>
				</CdtrAgt>
				<CdtrAgtAcct>
					<Id>
						<IBAN>AT123456789012345678</IBAN>
					</Id>
				</CdtrAgtAcct>
				<Cdtr>
					<Nm>Creditor Company</Nm>
					<PstlAdr>
						<StrtNm>Hohenstaufengasse</StrtNm>
						<BldgNb>123</BldgNb>
						<PstCd>1010</PstCd>
						<TwnNm>Wien</TwnNm>
						<Ctry>AT</Ctry>
					</PstlAdr>
				</Cdtr>
				<CdtrAcct>
					<Id>
						<IBAN>AT123456789012345678</IBAN>
					</Id>
				</CdtrAcct>
				<UltmtCdtr>
					<Nm>Debitor Company</Nm>
					<PstlAdr>
						<StrtNm>Hohenstaufengasse</StrtNm>
						<BldgNb>123</BldgNb>
						<PstCd>1010</PstCd>
						<TwnNm>Wien</TwnNm>
						<Ctry>AT</Ctry>
					</PstlAdr>
				</UltmtCdtr>
				<InstrForCdtrAgt>
					<Cd>CHQB</Cd>
					<InstrInf>RANDOM140</InstrInf>
				</InstrForCdtrAgt>
				<InstrForCdtrAgt>
					<Cd>CHQB</Cd>
					<InstrInf>RANDOM140</InstrInf>
				</InstrForCdtrAgt>
				<InstrForCdtrAgt>
					<Cd>CHQB</Cd>
					<InstrInf>RANDOM140</InstrInf>
				</InstrForCdtrAgt>
				<InstrForDbtrAgt>RANDOM140</InstrForDbtrAgt>
				<Purp>
					<Prtry>RANDOM35</Prtry>
				</Purp>
				<RgltryRptg>
					<DbtCdtRptgInd>CRED</DbtCdtRptgInd> <!-- DEBT, BOTH -->
					<Authrty>
						<Nm>RANDOM140</Nm>
						<Ctry>CH</Ctry>
					</Authrty>
					<Dtls>
						<Tp>RANDOM35</Tp>
						<Dt>2030-01-16</Dt>
						<Ctry>CH</Ctry>
						<Cd>RANDOM10</Cd>
						<Amt Ccy="CHF">9999.00</Amt>
					</Dtls>
				</RgltryRptg>
				<Tax>
					<Cdtr>
						<TaxId>RANDOM35</TaxId>
						<RegnId>RANDOM35</RegnId>
						<TaxTp>RANDOM35</TaxTp>
					</Cdtr>
					<Dbtr>
						<TaxId>RANDOM35</TaxId>
						<RegnId>RANDOM35</RegnId>
						<TaxTp>RANDOM35</TaxTp>
						<Authstn>
							<Titl>RANDOM35</Titl>
							<Nm>RANDOM140</Nm>
						</Authstn>
					</Dbtr>
					<!--<UltmtDbtr>
						<TaxId>RANDOM35</TaxId>
						<RegnId>RANDOM35</RegnId>
						<TaxTp>RANDOM35</TaxTp>
						<Authstn>
							<Titl>RANDOM35</Titl>
							<Nm>RANDOM140</Nm>
						</Authstn>
					</UltmtDbtr> -->
					<AdmstnZone>RANDOM35</AdmstnZone>
					<RefNb>RANDOM140</RefNb>
					<Mtd>RANDOM35</Mtd>
					<TtlTaxblBaseAmt Ccy="CHF">500.00</TtlTaxblBaseAmt>
					<TtlTaxAmt Ccy="CHF">500.00</TtlTaxAmt>
					<Dt>2030-01-16</Dt>
					<SeqNb>123</SeqNb>
					<Rcrd>
						<Tp>RANDOM35</Tp>
						<Ctgy>RANDOM35</Ctgy>
						<CtgyDtls>RANDOM35</CtgyDtls>
						<DbtrSts>RANDOM35</DbtrSts>
						<CertId>RANDOM35</CertId>
						<FrmsCd>RANDOM35</FrmsCd>
						<Prd>
							<Yr>2030-01-16</Yr>
							<Tp>MM01</Tp> <!-- HLF1, MM01 to MM12 etc. -->
							<FrToDt>
								<FrDt>2030-01-01</FrDt>
								<ToDt>2030-02-01</ToDt>
							</FrToDt>
						</Prd>
						<TaxAmt>
							<Rate>10.00</Rate>
							<TaxblBaseAmt Ccy="CHF">100.00</TaxblBaseAmt>
							<TtlAmt Ccy="CHF">100.00</TtlAmt>
							<Dtls>
								<Prd>
									<Yr>2030-01-16</Yr>
									<Tp>MM01</Tp> <!-- HLF1, MM01 to MM12 etc. -->
									<FrToDt>
										<FrDt>2030-01-01</FrDt>
										<ToDt>2030-02-01</ToDt>
									</FrToDt>
								</Prd>
								<Amt Ccy="CHF">100.00</Amt>
							</Dtls>
						</TaxAmt>
						<AddtlInf>RANDOM140</AddtlInf>
					</Rcrd>
				</Tax>
				<RltdRmtInf>
					<RmtId>RANDOM35</RmtId>
					<RmtLctnDtls>
						<Mtd>FAXI</Mtd> <!-- FAXI, EDIC, URID, EMAL etc. -->
						<ElctrncAdr>RANDOM2048</ElctrncAdr>
						<PstlAdr>
							<Nm>RANDOM140</Nm>
							<Adr>
								<AdrTp>
									<Prtry>
										<Id>ABCD</Id>
										<Issr>RANDOM35</Issr>
										<SchmeNm>RANDOM35</SchmeNm>
									</Prtry>
								</AdrTp>
								<Dept>RANODM70</Dept>
								<SubDept>RANODM70</SubDept>
								<StrtNm>RANODM70</StrtNm>
								<BldgNb>RANODM16</BldgNb>
								<BldgNm>RANODM35</BldgNm>
								<Flr>RANODM70</Flr>
								<PstBx>RANODM16</PstBx>
								<Room>RANODM70</Room>
								<PstCd>RANODM16</PstCd>
								<TwnNm>RANODM35</TwnNm>
								<TwnLctnNm>RANODM35</TwnLctnNm>
								<DstrctNm>RANODM35</DstrctNm>
								<CtrySubDvsn>RANODM35</CtrySubDvsn>
								<Ctry>CH</Ctry>
								<AdrLine>RANODM70</AdrLine>
							</Adr>
						</PstlAdr>
					</RmtLctnDtls>
				</RltdRmtInf>
				<RmtInf>
					<Ustrd>Invoices 123 and 321</Ustrd>
				</RmtInf>
				<SplmtryData>
					<PlcAndNm>RANDOM350</PlcAndNm>
					<Envlp>
						<!-- 
							 WOW, the spec says here: 
						     <xs:any namespace="##any" processContents="lax"/>
							 Meaning anything remotely XML valid is accepted
						 -->
							<x>a</x>							
					</Envlp>
				</SplmtryData>
			</CdtTrfTxInf>
		</PmtInf>
		<!--
*********************************************************
Instant payment with creditor reference
*********************************************************
-->
		<PmtInf>
			<PmtInfId>20230403-12345678914</PmtInfId>
			<PmtMtd>TRF</PmtMtd>
			<PmtTpInf>
				<SvcLvl>
					<Cd>SEPA</Cd>
				</SvcLvl>
				<LclInstrm>
					<Cd>INST</Cd>
				</LclInstrm>
			</PmtTpInf>
			<ReqdExctnDt>
				<Dt>2023-04-03</Dt>
			</ReqdExctnDt>
			<Dbtr>
				<Nm>Debtor Company Plc</Nm>
				<PstlAdr>
					<StrtNm>Aleksanterinkatu</StrtNm>
					<BldgNb>123</BldgNb>
					<PstCd>00100</PstCd>
					<TwnNm>HELSINKI</TwnNm>
					<Ctry>FI</Ctry>
				</PstlAdr>
				<Id>
					<OrgId>
						<Othr>
							<Id>0987654321</Id>
							<SchmeNm>
								<Cd>BANK</Cd>
							</SchmeNm>
						</Othr>
					</OrgId>
				</Id>
			</Dbtr>
			<DbtrAcct>
				<Id>
					<IBAN>FI8529501800020574</IBAN>
				</Id>
			</DbtrAcct>
			<DbtrAgt>
				<FinInstnId>
					<BICFI>BANKFIHH</BICFI>
				</FinInstnId>
			</DbtrAgt>
			<ChrgBr>SLEV</ChrgBr>
			<CdtTrfTxInf>
				<PmtId>
					<InstrId>InstrId000002</InstrId>
					<EndToEndId>EndToEndId000002</EndToEndId>
				</PmtId>
				<Amt>
					<InstdAmt Ccy="EUR">2000.02</InstdAmt>
				</Amt>
				<ChrgBr>SLEV</ChrgBr>
				<CdtrAgt>
					<FinInstnId>
						<BICFI>BANKFIHH</BICFI>
					</FinInstnId>
				</CdtrAgt>
				<Cdtr>
					<Nm>SAAJA TOIMITTAJA OY</Nm>
					<PstlAdr>
						<StrtNm>KOTIKATU</StrtNm>
						<BldgNb>321</BldgNb>
						<PstCd>00100</PstCd>
						<TwnNm>HELSINKI</TwnNm>
						<Ctry>FI</Ctry>
					</PstlAdr>
				</Cdtr>
				<CdtrAcct>
					<Id>
						<IBAN>FI1029501800020566</IBAN>
					</Id>
				</CdtrAcct>
				<RmtInf>
					<Strd>
						<CdtrRefInf>
							<Tp>
								<CdOrPrtry>
									<Cd>SCOR</Cd>
								</CdOrPrtry>
								<Issr>ISO</Issr>
							</Tp>
							<Ref>RF47892182916</Ref>
						</CdtrRefInf>
					</Strd>
				</RmtInf>
			</CdtTrfTxInf>
		</PmtInf>
	</CstmrCdtTrfInitn>
</Document>